@inproceedings{Barbieri:2010:EEC:1739041.1739095,
 author = {Barbieri, Davide Francesco and Braga, Daniele and Ceri, Stefano and Grossniklaus, Michael},
 title = {An Execution Environment for C-SPARQL Queries},
 booktitle = {Proceedings of the 13th International Conference on Extending Database Technology},
 series = {EDBT '10},
 year = {2010},
 isbn = {978-1-60558-945-9},
 location = {Lausanne, Switzerland},
 pages = {441--452},
 numpages = {12},
 url = {http://doi.acm.org/10.1145/1739041.1739095},
 doi = {10.1145/1739041.1739095},
 acmid = {1739095},
 publisher = {ACM},
 address = {New York, NY, USA},
} 

@Inbook{Bielikov√°2012,
author="Bielikov{\'a}, M{\'a}ria
and R{\'a}sto{\v{c}}n{\'y}, Karol",
editor="Castano, Silvana
and Vassiliadis, Panos
and Lakshmanan, Laks V.
and Lee, Mong Li",
title="Lightweight Semantics over Web Information Systems Content Employing Knowledge Tags",
bookTitle="Advances in Conceptual Modeling: ER 2012 Workshops CMS, ECDM-NoCoDA, MoDIC, MORE-BI, RIGiM, SeCoGIS, WISM, Florence, Italy, October 15-18, 2012. Proceedings",
year="2012",
publisher="Springer Berlin Heidelberg",
address="Berlin, Heidelberg",
pages="327--336",
isbn="978-3-642-33999-8",
doi="10.1007/978-3-642-33999-8_39",
url="http://dx.doi.org/10.1007/978-3-642-33999-8_39"
}

@inproceedings{buse2012information,
  title={Information needs for software development analytics},
  author={Buse, Raymond PL and Zimmermann, Thomas},
  booktitle={Proceedings of the 34th international conference on software engineering},
  pages={987--996},
  year={2012},
  organization={IEEE Press}
}

@Inbook{Corral2012,
author="Corral, Luis
and Sillitti, Alberto
and Succi, Giancarlo
and Strumpflohner, Juri
and Vlasenko, Jelena",
editor="Furia, Carlo A.
and Nanz, Sebastian",
title="DroidSense: A Mobile Tool to Analyze Software Development Processes by Measuring Team Proximity",
bookTitle="Objects, Models, Components, Patterns: 50th International Conference, TOOLS 2012, Prague, Czech Republic, May 29-31, 2012. Proceedings",
year="2012",
publisher="Springer Berlin Heidelberg",
address="Berlin, Heidelberg",
pages="17--33",
isbn="978-3-642-30561-0",
doi="10.1007/978-3-642-30561-0_3",
url="http://dx.doi.org/10.1007/978-3-642-30561-0_3"
}

@incollection{giunchiglia2009lightweight,
  title={Lightweight ontologies},
  author={Giunchiglia, Fausto and Zaihrayeu, Ilya},
  booktitle={Encyclopedia of Database Systems},
  pages={1613--1619},
  year={2009},
  publisher={Springer US}
}